<?xml version='1.0' encoding='UTF-8'?>
<record xmlns="http://www.loc.gov/MARC21/slim">
  <leader>02443cam a2200397 a 4500</leader>
  <controlfield tag="001">2702640</controlfield>
  <controlfield tag="003">NjP</controlfield>
  <controlfield tag="005">20171002165816.0</controlfield>
  <controlfield tag="008">000126s1888    mr            000 0 ara d</controlfield>
  <datafield tag="024" ind1="7" ind2=" ">
    <subfield code="a">princeton_aco002511</subfield>
    <subfield code="2">local</subfield>
  </datafield>
  <datafield ind1=" " ind2=" " tag="035">
    <subfield code="a">(OCoLC)ocn178307812</subfield>
  </datafield>
  <datafield ind1=" " ind2=" " tag="035">
    <subfield code="a">(OCoLC)178307812</subfield>
  </datafield>
  <datafield ind1=" " ind2=" " tag="035">
    <subfield code="9">CMW5998TS</subfield>
  </datafield>
  <datafield ind1=" " ind2=" " tag="035">
    <subfield code="a">(NjP)2702640</subfield>
  </datafield>
  <datafield ind1=" " ind2=" " tag="040">
    <subfield code="a">NjP</subfield>
    <subfield code="c">PUL</subfield>
    <subfield code="d">PUL</subfield>
  </datafield>
  <datafield ind1=" " ind2=" " tag="049">
    <subfield code="a">PULL</subfield>
  </datafield>
  <datafield ind1=" " ind2=" " tag="079">
    <subfield code="a">ocm82319455</subfield>
  </datafield>
  <datafield ind1="1" ind2=" " tag="100">
    <subfield code="6">880-01</subfield>
    <subfield code="a">Ibn Yāmūn, Qāsim ibn Aḥmad,</subfield>
    <subfield code="d">active 17th century.</subfield>
    <subfield code="0">http://id.loc.gov/authorities/names/no00007984</subfield>
  </datafield>
  <datafield ind1="1" ind2="0" tag="240">
    <subfield code="6">880-02</subfield>
    <subfield code="a">Jawāhir al-manẓūmah fī sharḥ al-Manẓūmah</subfield>
  </datafield>
  <datafield ind1="1" ind2="0" tag="245">
    <subfield code="6">880-03</subfield>
    <subfield code="a">Hādhā sharḥ al-Imām al-ʻallāmah al-tamām Sīdī Qāsim ibn Aḥmad ibn Mūsá ibn Yāmūn al-Talīdī al-Akhmāsī li-manẓūmatihi fī ādāb al-nikāḥ wa-mā yataʻallaqa bi-hi ... /</subfield>
    <subfield code="c">lil-ʻallāmah al-Tihāmī ibn al-Madanī Gannūn. Muwashshaḥan hāmishuhu bi-sharḥ ākhar ʻalayhā.</subfield>
  </datafield>
  <datafield ind1="3" ind2="0" tag="246">
    <subfield code="6">880-04</subfield>
    <subfield code="a">Sharḥ Qāsim ibn Aḥmad ibn Mūsá ibn Yāmūn al-Talīdī al-Akhmāsī li-manẓūmatihi fī ādāb al-nikāḥ</subfield>
  </datafield>
  <datafield ind1=" " ind2=" " tag="260">
    <subfield code="6">880-05</subfield>
    <subfield code="a">[Morocco? :</subfield>
    <subfield code="b">s.n.],</subfield>
    <subfield code="c">1305 [1888]</subfield>
  </datafield>
  <datafield ind1=" " ind2=" " tag="300">
    <subfield code="a">1 v. (various pagings) ;</subfield>
    <subfield code="c">24 cm.</subfield>
  </datafield>
  <datafield ind1="1" ind2="0" tag="600">
    <subfield code="6">880-06</subfield>
    <subfield code="a">Gannūn, Muḥammad al-Tihāmī.</subfield>
    <subfield code="t">Manẓūmah fī al-nikāḥ.</subfield>
  </datafield>
  <datafield ind1=" " ind2="0" tag="650">
    <subfield code="a">Islamic marriage customs and rites.</subfield>
    <subfield code="0">http://id.loc.gov/authorities/subjects/sh85081483</subfield>
  </datafield>
  <datafield ind1=" " ind2="7" tag="655">
    <subfield code="a">Lithographs</subfield>
    <subfield code="z">Morocco</subfield>
    <subfield code="y">1888</subfield>
    <subfield code="2">gmgpc</subfield>
  </datafield>
  <datafield ind1="1" ind2=" " tag="880">
    <subfield code="6">100-01/r</subfield>
    <subfield code="a">ابن يامون، قاسم بن احمد،</subfield>
    <subfield code="d">active 17th century.</subfield>
  </datafield>
  <datafield ind1="1" ind2="0" tag="880">
    <subfield code="6">240-02/r</subfield>
    <subfield code="a">جواهر المنظومة في شرح المنظومة</subfield>
  </datafield>
  <datafield ind1="1" ind2="0" tag="880">
    <subfield code="6">245-03/r</subfield>
    <subfield code="a">هذا شرح الامام العلامة التمام سيدي قاسم بن احمد بن موسى بن يامون التليدي الاخماسي لمنظومته في آداب النكاح وما يتعلق به ... /</subfield>
    <subfield code="c">للعلامة التهامي بن المدني گنون. موشحن هامشه بشرح آخر عليها.</subfield>
  </datafield>
  <datafield ind1="3" ind2="0" tag="880">
    <subfield code="6">246-04/r</subfield>
    <subfield code="a">شرح قاسم بن احمد بن موسى بن يامون التليدي الاخماسي لمنظومته في آداب النكاح</subfield>
  </datafield>
  <datafield ind1=" " ind2=" " tag="880">
    <subfield code="6">260-05/r</subfield>
    <subfield code="a">[مغرب؟ :</subfield>
    <subfield code="b">s.n.]،</subfield>
    <subfield code="c">1305 [1888]</subfield>
  </datafield>
  <datafield ind1="1" ind2="0" tag="880">
    <subfield code="6">600-06/r</subfield>
    <subfield code="a">گنون، محمد التهامي.</subfield>
    <subfield code="t">منظومة في النكاح.</subfield>
  </datafield>
  <datafield ind1="4" ind2=" " tag="856">
    <subfield code="u">http://hdl.handle.net/2027/njp.32101035012036</subfield>
  </datafield>
  <datafield ind1=" " ind2=" " tag="948">
    <subfield code="a">jeb</subfield>
  </datafield>
  <datafield ind1=" " ind2=" " tag="911">
    <subfield code="a">20000126</subfield>
  </datafield>
  <datafield ind1=" " ind2=" " tag="912">
    <subfield code="a">20000126051247.0</subfield>
  </datafield>
  <datafield ind1=" " ind2=" " tag="994">
    <subfield code="a">C0</subfield>
    <subfield code="b">PUL</subfield>
  </datafield>
  <datafield ind1=" " ind2=" " tag="999">
    <subfield code="a">2702640</subfield>
  </datafield>
  <datafield ind1="0" ind2="0" tag="852">
    <subfield code="0">3012406</subfield>
    <subfield code="b">nec</subfield>
    <subfield code="t">1</subfield>
    <subfield code="h">GT2695.M8</subfield>
    <subfield code="i">I2 1888</subfield>
  </datafield>
  <datafield ind1="8" ind2=" " tag="852">
    <subfield code="0">8743030</subfield>
    <subfield code="b">elf1</subfield>
    <subfield code="h">Electronic Resource</subfield>
  </datafield>
  <datafield ind1=" " ind2=" " tag="959">
    <subfield code="a">2000-06-08 00:00:00 -0500</subfield>
  </datafield>
</record>
